@article{wettel2011software,
	AUTHOR = "Richard Wettel and Michele Lanza and Romain Robbes",
	TITLE = "Software Systems as Cities: A Controlled Experiment",
	BOOKTITLE = "33rd ACM/IEEE International Conference on Software Engineering (ICSE)",
	PAGES = "551-560",
	MONTH = "May",
	YEAR = "2011",
	PUBLISHER = "ACM Press",
	ISBN = "978-1-4503-0445-0",
}

@article{沓澤脩2016中大規模,
  title={中大規模 OSS 開発における Information seeking のための可視化ツールの提案},
  author={沓澤脩 and 櫨山淳雄 and others},
  journal={ウィンターワークショップ 2016・イン・逗子 論文集},
  volume={2016},
  pages={47--48},
  year={2016}
}

@article{阿萬裕久2011ソフトウェアメトリクスとデータ分析の基礎,
  title={ソフトウェアメトリクスとデータ分析の基礎},
  author={阿萬裕久 and 野中誠 and 水野修},
  journal={コンピュータ ソフトウェア},
  volume={28},
  number={3},
  pages={3\_12--3\_28},
  year={2011},
  publisher={日本ソフトウェア科学会}
}